<?xml version="1.0" encoding="UTF-8"?><collection xmlns="http://www.loc.gov/MARC21/slim"><record><leader>00528nam--2200193-u-4500</leader><controlfield tag="001">000052887</controlfield><controlfield tag="002">20161230</controlfield><controlfield tag="005">20161230201050</controlfield><controlfield tag="008">101126s1000------------r-----000-0-eng-d</controlfield><datafield ind1=" " ind2=" " tag="020"><subfield code="a">0471077968</subfield></datafield><datafield ind1=" " ind2=" " tag="040"><subfield code="a">IFIN-HH</subfield></datafield><datafield ind1=" " ind2=" " tag="080"><subfield code="a">535.31:681.7</subfield></datafield><datafield ind1="1" ind2=" " tag="100"><subfield code="a">O'Shea, Donald C</subfield></datafield><datafield ind1="1" ind2="0" tag="245"><subfield code="a">Elements of modern optical design</subfield><subfield code="c">Donald c. o'shea</subfield></datafield><datafield ind1=" " ind2=" " tag="260"><subfield code="a">SINGAPORE</subfield><subfield code="b">John Wiley &amp; Sons</subfield><subfield code="c">1985</subfield></datafield><datafield ind1=" " ind2=" " tag="300"><subfield code="a">402P</subfield></datafield><datafield ind1=" " ind2="4" tag="650"><subfield code="a">Optical Instruments</subfield><subfield code="x">Design And Construction</subfield></datafield><datafield ind1=" " ind2=" " tag="852"><subfield code="a">74136</subfield><subfield code="c">535</subfield></datafield><datafield ind1=" " ind2=" " tag="CAT"><subfield code="a">Sys</subfield><subfield code="c">20101126</subfield><subfield code="h">081937</subfield></datafield></record></collection>